
% Quellen Doku https://de.wikibooks.org/wiki/LaTeX-Kompendium:_Zitieren_mit_BibTeX

@misc{ergonlogo,
    title = {Logo der Ergon Informatik AG},
    author = {{Ergon Informatik AG}},
    urldate = {2024-11-06},
    url = {https://www.ergon.ch/dam/jcr:c42b10d3-a5c7-4ada-b8e5-ccc94f802da3/ergon-logo.png},
}

@url{ict,
	title = {Die 6-Schittmethode IPERKA.},
	author = {ICT Berufsbildung Bern},
	urlDate = {2024-11-06},
	url = {https://www.ict-berufsbildung-bern.ch/resources/Iperka_OdA_200617.pdf}
}
